5193 6433
2368 534 2423 605 ὃ

576 756 747 829 c‘nm
811 758 885 827 et
914 749 1369 833 :domicilium
1432 747 1709 827 trass'ati
1758 748 2198 848 conjunctio
2230 732 2618 826 intercedit
2722 747 3174 850 Quapropter
3223 750 3568 829 ordinatio
3619 748 3982 829 cambialis
4046 775 4216 855 ger-

577 903 855 981 manica
904 904 1199 982 articulo
1251 902 1803 1003 quadragesimo
1870 902 2071 979 tertio
2134 901 2295 979 sine
2354 900 2503 979 ulla
2554 902 3004 981 distinctione
3051 903 3466 1003 praescribit
3516 902 3772 980 cambii
3823 901 4221 1011 domiciliati

578 1058 653 1133 in
698 1057 861 1157 ipso
910 1054 1031 1135 illo
1080 1056 1262 1147 loco,
1310 1056 1385 1132 in
1438 1078 1662 1157 quem
1714 1052 2223 1132 domiciliatum
2272 1054 2380 1144 sit,
2434 1054 2868 1134 solutionem
2919 1052 3354 1157 exigendam
3405 1078 3586 1133 esse.
3692 1053 3840 1134 Sed
3891 1052 4120 1150 etiam
4159 1056 4222 1133 si

576 1214 894 1315 trassans
948 1207 1121 1285 nihil
1184 1208 1377 1285 aliud
1442 1208 1623 1309 egit,
1702 1229 1925 1309 quam
1990 1203 2073 1283 ut
2123 1208 2392 1285 nomini
2441 1209 2720 1285 trassati
2769 1210 3208 1285 mentionem
3262 1208 3402 1287 loci
3451 1207 3754 1309 alicujus
3805 1213 4220 1309 apponeret,

575 1362 771 1440 idem
802 1369 913 1441 est
944 1361 1347 1438 dicendum.
1415 1358 1785 1437 Articulus
1824 1360 2016 1437 enim
2050 1366 2351 1460 quartus
2384 1360 2842 1439 ordinationis
2878 1358 3238 1439 cambialis
3275 1362 3728 1461 germanicae
3760 1350 3942 1439 haec
3969 1359 4220 1437 habet:

1144 1515 1328 1606 ‘,‚Der
1370 1514 1506 1592 'bei
1568 1514 1735 1589 dem
1798 1511 1860 1589 N
1862 1534 2070 1588 amen
2140 1513 2316 1590 oder
2380 1515 2508 1590 der
2570 1513 2805 1590 Firma
2869 1516 3000 1591 des
3062 1512 3496 1614 Bezogenen
3563 1514 4038 1615 angegebene
4100 1510 4224 1589 Ort

1140 1665 1331 1767 ‚gilt
1381 1665 1695 1745 insofern
1748 1662 1943 1741 nicht
1992 1665 2106 1740 ein
2150 1666 2442 1765 eigener
2475 1664 2960 1767 Zahlungsort
3009 1667 3437 1767 angegeben
3479 1630 3612 1757 ist,
3665 1666 3772 1744 als
3808 1665 4216 1765 Zahlungs-

1182 1826 1292 1898 ort
1341 1817 1519 1896 und'
1545 1816 1875 1919 zugleich
1926 1817 2031 1895 als
2083 1816 2443 1895 Wohnort
2493 1819 2626 1895 des
2675 1817 3170 1920 Bezogenen.“
3870 1785 3876 1794 “

880 1970 1122 2063 Quum
1157 1980 1493 2062 trassans‚
1546 1981 1628 2048 ut
1672 1970 1746 2047 in
1800 1977 1991 2049 certo
2040 1979 2323 2048 tantum
2376 1971 2537 2049 loco
2570 1971 2919 2061 solvatur,
2953 1973 3434 2050 constituendi
3473 1972 3770 2050 liberam
3801 1972 4060 2049 habeat
4088 1971 4217 2048 'fa-

578 2121 918 2201 cultatem
932 2185 949 2215 ,
1004 2147 1245 2227 neque
1296 2147 1471 2202 vero
1527 2148 1569 2199 a
1622 2123 1995 2202 voluntate
2044 2126 2203 2223 ejus
2258 2124 2590 2224 pendeat,
2646 2150 2796 2227 quo
2848 2124 3010 2204 loco
3060 2132 3408 2203 trassatus
3457 2124 3891 2203 domicilium
3942 2124 4219 2217 habeat,

574 2276 817 2379 itaque
880 2276 951 2353 id
1005 2283 1285 2353 tantum
1335 2283 1521 2355 statu
1531 2300 1649 2353 ere
1700 2278 1957 2376 possit,
2032 2284 2110 2354 ut
2172 2276 2290 2353 ille
2338 2277 2547 2354 locus
2617 2302 2746 2377 pro
2799 2278 3150 2357 domicilio
3201 2280 3482 2356 'crassati
3531 2278 3877 2356 habeatur
3891 2340 3907 2369 ,
3976 2276 4219 2379 legem

574 2428 855 2505 citatam
912 2431 1006 2506 ita
1056 2428 1601 2531 interpretemur
1666 2452 1967 2525 necesse
2027 2436 2174 2507 est:
2247 2429 2525 2508 Locum
2578 2431 2848 2507 nomini
2896 2432 3178 2509 trassati
3244 2432 3658 2533 appositum
3707 2429 3950 2509 locum
4009 2429 4212 2507 solu-

572 2581 781 2660 tionis
832 2578 997 2660 esse
1012 2644 1028 2672 ,
1100 2585 1231 2660 sed
1280 2583 1411 2659 rite
1458 2606 1761 2684 quoque
1812 2605 2029 2683 agere
2078 2580 2579 2680 possessorem
2631 2583 2885 2662 cambii
2900 2644 2917 2671 ,
2988 2585 3050 2661 si
3102 2584 3455 2686 quidquid
3497 2584 3590 2659 'in
3633 2582 3985 2660 domicilio
4032 2588 4217 2659 tras-

574 2735 707 2813 sati
773 2736 837 2813 ei
900 2736 992 2812 sit
1052 2734 1496 2825 faciendum,
1566 2734 1879 2835 exempli
1944 2735 2169 2835 gratia
2192 2772 2203 2779 -
2224 2736 2870 2834 praesentationem
2925 2737 3430 2837 acceptationis
3498 2758 3718 2813 causa
3734 2796 3751 2824 ‚
3822 2737 4080 2813 eodem
4145 2721 4219 2811 in
4313 2810 4318 2825 ,

570 2888 733 2967 loco
798 2893 1132 2989 peragat,
1204 2888 1367 2965 licet
1432 2887 1864 2965 domicilium
1930 2888 2210 2964 trassati
2272 2910 2351 2963 re
2419 2910 2591 2964 vera
2657 2889 2750 2965 ibi
2819 2912 2965 2967 non
3031 2890 3122 2967 sit
3171 2890 3656 2967 constitutum.
3758 2886 3916 2979 Qua
3982 2912 4074 2964 ex
4143 2910 4220 2965 re

576 3040 935 3142 sequitur,
988 3048 1067 3116 ut
1117 3039 1445 3119 domicilii
1495 3041 1792 3118 mutatio
1846 3043 2091 3140 quoad
2142 3039 2385 3117 locum
2438 3036 2813 3119 solutionis
2867 3041 3138 3119 nullius
3189 3044 3280 3121 sit
3330 3016 3692 3119 mdmenti.

876 3194 1031 3271 Jam
1084 3218 1259 3272 vero
1302 3193 1712 3284 videamuS,
1764 3216 2007 3272 annon
2047 3191 2349 3272 fortasse
2386 3191 2682 3272 articulo
2717 3196 3190 3296 nonagesimo
3231 3194 3460 3295 primo
3504 3193 3962 3272 ordinationis
4013 3200 4232 3270 cam-'

568 3344 771 3423 bialis
834 3348 1237 3445 possessori
1300 3353 1375 3422 et
1437 3352 1739 3426 trassato
1804 3346 2107 3424 facultas
2157 3369 2505 3425 concessa
2570 3347 2662 3424 sit
2727 3347 2820 3424 de
2883 3347 3020 3426 alio
3087 3346 3248 3427 loco
3305 3346 3679 3426 solutionis
3739 3347 4220 3424 conveniendi

570 3521 897 3599 eumque
944 3498 1041 3574 illi
1089 3498 1249 3576 loco
1268 3560 1284 3587 ,
1335 3501 1464 3600 qui
1516 3523 1557 3576 a
1607 3506 1961 3578 trassante
1998 3500 2431 3577 constitutus
2483 3509 2596 3576 est
2611 3561 2627 3590 ,
2680 3499 3176 3578 substituendi.

873 3649 1118 3728 Verba
1170 3651 1444 3728 articuli
1492 3651 1674 3730 haec
1722 3659 1927 3730 sunt:

1138 3803 1306 3894 „Die
1348 3805 1886 3884 Praesentation
1940 3829 2069 3883 zur
2117 3805 2509 3882 Annahme
2558 3807 2734 3884 oder
2784 3828 2912 3882 zur
2962 3803 3294 3907 Zahlung
3309 3867 3326 3896 ‚
3379 3806 3494 3882 die
3533 3804 4218 3906 Protesterhebung,

1176 3957 1291 4034 die
1342 3957 1858 4060 Abforderung
1908 3960 2105 4037 eines
2158 3957 2860 4060 Wechselduplicats
2877 4020 2894 4050 ,
2970 3958 3196 4037 sowie
3245 3957 3382 4036 alle
3431 3958 3806 4059 sonstigen
3858 3957 3975 4038 bei
4025 3959 4220 4035 einer

1174 4110 1629 4188 bestimmten
1679 4112 1954 4190 Person
2007 4112 2697 4190 vorzunehmenden
2735 4113 2922 4190 Acte
2971 4115 3271 4190 miissen
3321 4113 3394 4190 in
3448 4112 3669 4188 deren
3722 4109 4216 4190 Gesehaftslo·

1172 4261 1283 4338 cal
1334 4265 1490 4342 und
1506 4326 1522 4354 ‚
1573 4265 1647 4342 in
1697 4263 2244 4366 Ermangelung
2294 4267 2491 4344 eines
2542 4264 2840 4343 solchen
2859 4326 2877 4355 ,
2927 4265 2998 4340 in
3055 4266 3276 4342 deren
3311 4264 3716 4364 Wohnung
3765 4287 4211 4364 vorgenom-

1172 4439 1341 4492 men
1392 4419 1705 4495 werden.
1810 4417 1933 4494 An
2002 4418 2239 4496 einem
2289 4420 2561 4495 andern
2614 4415 2809 4508 Orte,
2885 4442 2944 4492 z.
2995 4416 3076 4492 Β.
3146 4440 3234 4494 an
3295 4416 3424 4493 der
3471 4416 3732 4506 Rome,
3815 4416 4012 4493 kann
4065 4417 4216 4493 dies

1176 4589 1321 4644 nur.
1364 4569 1493 4644 mit
1541 4570 2107 4673 beiderseitigem
2156 4565 2838 4650 Einversttindnisse
2886 4568 3364 4671 geschehen.“

867 4717 1109 4810 Quum
1157 4721 1526 4798 trassantis
1577 4723 1929 4800 rarissime
1976 4727 2279 4815 intersit,
2348 4746 2495 4826 qua
2561 4725 2636 4800 in
2688 4727 2890 4823 parte
2937 4722 3077 4802 loci
3126 4721 3500 4807 solutionis
3515 4781 3532 4811 ,
3603 4745 3712 4799 ex,
3763 4745 3870 4822 gr.
3926 4744 4074 4822 qua
4140 4721 4214 4798 in

564 4872 781 4950 domo
830 4871 1142 4972 pecunia
1180 4879 1599 4950 numeretur
1613 4936 1629 4965 ‚
1679 4875 1887 4954 locus
1936 4876 2311 4955 solutionis
2360 4875 2789 4978 generaliter
2835 4881 3118 4952 tantum
3169 4875 3457 4952 indicari
3507 4872 3693 4952 solet
3738 4874 3834 4950 ita
3851 4934 3868 4963 ‚
3922 4880 4004 4950 ut
4053 4874 4243 4993 ple--

564 5048 879 5125 rumque
942 5023 1045 5102 nil
1095 5025 1229 5102 nisi
1281 5025 1477 5106 urbis
1541 5027 1615 5104 in
1669 5051 1815 5129 qua
1864 5028 2306 5108 solvendum
2354 5031 2477 5119 sit,
2550 5053 2817 5109 nomen
2867 5027 3149 5106 cambio
3194 5026 3667 5107 inscribatur.·
3736 5025 3990 5129 Neque
4027 5027 4216 5107 'vero

416 5247 427 5258 .
558 5177 729 5254 inde
778 5178 1105 5279 sequitur
1122 5240 1141 5270 ,
1193 5185 1291 5270 ut,
1340 5180 1405 5257 si
1456 5201 1839 5280 possessor
1887 5182 1961 5258 in
2013 5182 2331 5284 qualibet
2379 5184 2575 5262 urbis
2625 5189 2831 5282 parte
2871 5179 3242 5258 cambium
3292 5179 3865 5280 praesentaverit
3911 5187 4214 5261 trassato

558 5329 742 5409 forte
768 5313 925 5408 'sibi
976 5331 1267 5411 obviam
1318 5332 1653 5424 venienti,
1701 5334 1834 5410 rite
1867 5338 2403 5434 praesentatum
2452 5337 2543 5414 sit
2590 5335 2969 5413 cambium.
3037 5333 3488 5414 Manifestum
3547 5334 3740 5412 enim
3792 5341 3904 5412 est
3936 5336 4218 5414 nonnisi

4873 5369 5054 6018 Nx
4867 5193 4882 5208 ’
