5193 6433
2762 460 2809 533 6

827 686 836 703 “
962 706 1055 759 eo
1114 681 1187 786 in
1255 679 1415 791 loco
1470 676 1733 757 solutio
1784 675 2113 777 exigatur
2160 672 2375 753 licere
2391 734 2409 764 ,
2482 674 2605 753 ubi
2661 676 3020 775 ejusmodi
3067 674 3368 775 negotia
3391 674 3565 777 (geri
3613 674 3926 766 soleant,
3993 676 4068 753 in
4117 677 4410 755 taberna
4439 683 4610 758 sei..

960 834 1127 913 licet
1174 829 1589 910 mercatoria
1605 889 1623 919 ,
1674 836 1801 905 aut
1848 827 1910 905 si
1956 832 2307 905 trassatus
2345 835 2698 905 mercator
2749 850 2896 905 non
2947 833 3060 903 est
3108 824 3229 903 vel
3279 826 3650 905 tabernam
3703 850 3848 907 non
3901 826 4118 906 habet
4135 892 4152 921 ,
4202 831 4274 907 in
4327 830 4608 911 habita-

965 988 1162 1065 tione.
1204 983 1455 1085 ipsius,
1509 981 1784 1081 quippe
1832 980 2099 1083 quibus
2150 981 2223 1057 in
2275 978 2451 1057 locis
2504 1001 2648 1058 non
2705 978 2944 1057 solum
2981 978 3364 1078 pecuniam
3403 988 3745 1070 asservat,
3797 982 3931 1061 sed
3981 982 4266 1061 codices
4305 1008 4610 1090 qnoque

960 1147 1041 1219 iet
1088 1136 1435 1239 epistolas
1484 1132 1800 1211 adeundi
1848 1133 2131 1231 copiam
2197 1132 2427 1211 habet.
2533 1132 2882 1209 Accidere
2935 1140 3178 1209 autem
3230 1138 3499 1233 potest,
3573 1139 3651 1209 ut
3699 1140 4044 1212 trassatus
4063 1196 4080 1226 ,
4149 1138 4301 1228 cui,
4373 1162 4606 1241 quum

962 1292 1135 1371 ibris
1180 1291 1313 1380 sit,
1363 1286 1721 1365 cambium
1769 1291 2265 1385 praesentetur
2279 1346 2297 1375 ,
2362 1284 2852 1384 exploratione
2901 1284 3018 1363 illa
3069 1308 3259 1385 opus
3311 1307 3458 1363 non
3511 1308 3678 1363 asse
3725 1294 4020 1363 censeat
4065 1288 4378 1392 ideoque
4425 1316 4602 1392 pos—

966 1444 1233 1523 sessori
1282 1440 1539 1519 cambii
1584 1440 1821 1519 statim
1874 1463 1955 1515 se
1992 1436 2402 1515 soluturum
2454 1460 2604 1516 non
2657 1460 2822 1515 esse
2861 1436 3192 1515 declaret.
3293 1437 3456 1529 Quo
3503 1461 3679 1515 casu
3715 1439 4046 1540 iniquum
4097 1440 4278 1519 foret
4318 1468 4602 1545 regres-

968 1622 1136 1675 sum
1188 1592 1591 1695 possessori
1642 1592 2015 1693 denegari,
2059 1597 2451 1695 *propterea
2502 1590 2623 1668 lex
2674 1614 2976 1691 quoque
3025 1591 3382 1692 ejusmodi
3431 1594 4078 1692 praesentationem
4129 1602 4201 1670 et
4249 1603 4602 1695 protesta-

967 1752 1235 1829 tionem
1284 1748 1417 1823 rite
1464 1745 1725 1822 factam
1776 1766 1939 1821 esse
1978 1741 2300 1819 declarat.
2404 1742 2774 1822 Articulus
2827 1745 3019 1821 enim
3069 1744 3324 1821 citatus
3363 1744 3808 1843 praescribit:
3861 1746 3933 1821 in
3983 1746 4276 1823 taberna
4327 1772 4598 1827 merca-

970 1905 1143 1982 toria
1158 1964 1177 1993 ,
1244 1902 1405 1977 sive
1468 1921 1555 1977 ea
1621 1920 1767 1977 non
1821 1896 2169 1975 existente
2221 1897 2293 1972 in
2345 1895 2775 1975 habitatione
2825 1895 3258 1975 solutionem
3307 1921 3472 1975 esse
3522 1898 3980 1999 exigendam,
4051 1898 4186 1977 alio
4240 1908 4481 1978 autem
4529 1902 4607 1979 in

806 2066 821 2079 ”
969 2057 1164 2145 loce,
1214 2078 1327 2130 ex.
1374 2076 1484 2153 gr.
1535 2053 1607 2129 in
1659 2052 1877 2129 bursa
1924 2056 2431 2154 mercatorum,
2482 2049 2555 2125 id
2607 2049 2755 2127 fieri
2807 2072 2953 2127 non
3005 2072 3229 2149 posse
3291 2050 3424 2128 nisi
3474 2074 3900 2151 possessore
3951 2060 4023 2128 et
4070 2059 4374 2132 trassato
4423 2076 4610 2132 con-

970 2208 1457 2288 sentientibus,

1272 2360 1524 2457 Itaque
1574 2355 1694 2433 lex
1741 2355 2145 2455 possessori
2196 2362 2271 2431 et
2316 2360 2618 2433 trassato
2669 2355 3081 2433 facultatem
3133 2378 3279 2433 non
3333 2357 3456 2433 dat
3500 2355 3660 2434 loco
3715 2356 4086 2436 solutionis
4139 2366 4212 2434 et
4260 2382 4610 2459 praesen-

970 2515 1249 2593 tationis
1298 2535 1341 2589 a
1392 2516 1743 2587 trassante
1794 2508 2181 2586 constituto
2229 2507 2449 2585 alium
2497 2508 3008 2598 substituendi,
3069 2508 3200 2586 sed
3250 2508 3370 2585 lex
3418 2508 3586 2607 ipsa,
3625 2509 3872 2587 locum
3920 2510 4125 2588 illum
4175 2510 4612 2614 plerumque

966 2666 1393 2771 generaliter
1454 2669 1731 2741 tantum
1786 2661 2168 2739 indicatum
2224 2662 2624 2738 accuratius
2695 2660 2940 2739 definit
2979 2661 3235 2767 ⁸iisque
3285 2683 3596 2762 quorum
3647 2663 3973 2753 interest,
4046 2671 4128 2740 ut
4190 2662 4384 2741 aliter
4436 2688 4614 2741 eum

974 2820 1344 2909 definiant,
1395 2816 1747 2917 permittit.

1273 2971 1662 3047 Possessor
1712 2954 1997 3059 cambii,
2074 2968 2201 3068 qui
2252 2964 2612 3044 solutione
2691 2989 2732 3041 a
2804 2973 3105 3045 trassato
3177 2967 3527 3068 denegata
3599 2969 3956 3045 adversus
4031 2977 4456 3047 trassantem
4537 2978 4614 3047 et

971 3126 1425 3202 indossantes
1497 3122 1775 3199 actione
1840 3119 2233 3222 experitur,
2306 3142 2602 3196 causam
2671 3120 2964 3239 actionis
3035 3119 3319 3197 nonnisi
3387 3120 3692 3197 solemni
3759 3121 4231 3199 instrumento
4307 3124 4611 3222 probare

972 3285 1227 3378 potest.
1331 3277 1644 3353 Necesse
1698 3273 1914 3374 igitur
1978 3277 2123 3362 est,
2191 3280 2306 3362 ut,
2379 3296 2611 3371 quum
2665 3275 2916 3350 cambii
2966 3275 3439 3373 praesentatio
3507 3297 3654 3352 non
3720 3276 3792 3351 in
3843 3276 4136 3352 taberna
4208 3275 4326 3352 vel
4391 3279 4612 3356 domo

972 3431 1249 3510 trassati
1300 3428 1484 3506 facta
1534 3427 1773 3516 fuerit,
1843 3425 1979 3502 hac
2034 3427 2127 3502 de
2176 3449 2255 3501 re
2302 3431 2690 3503 trassatum
2741 3435 2812 3502 et
2859 3449 3360 3525 possessorem
3405 3428 3838 3506 convenisse
3887 3430 4128 3528 ipsum
4173 3430 4613 3506 instrumen-

962 3559 1129 3660 tum
1180 3584 1496 3661 edoceat
1599 3581 1851 3680 Neque
1902 3584 2247 3655 trassatus
2288 3580 2441 3677 jam
2494 3584 2650 3654 tum
2692 3580 3148 3657 consensisse
3187 3578 3694 3681 intelligendus
3747 3588 3890 3671 est,
3942 3604 4174 3680 quum
4223 3605 4315 3658 ex
4365 3591 4615 3682 prote-
4695 3665 4702 3674 ,

972 3737 1277 3815 statione
1328 3757 1479 3812 non
1530 3739 1873 3834 appareat
1924 3755 2091 3808 eum
2134 3731 2577 3820 dissensisse,
2631 3734 2764 3809 sed
2816 3734 3152 3834 quamvis
3203 3756 3350 3811 non
3404 3739 3726 3833 oporteat
3776 3757 4138 3834 expressa,
4192 3759 4382 3836 quae
4432 3758 4616 3812 con-

973 3913 1277 3967 sensum
1327 3889 1754 3978 contineant,
1814 3885 2027 3962 verba
2076 3885 2566 3983 protestationi
2613 3886 2874 3962 inserta
2930 3909 3124 3977 esse,
3175 3893 3414 3964 tamen
3466 3887 3986 3986 responsioniS,
4041 3910 4263 3988 quam
4316 3911 4618 3988 posses-

974 4043 1504 4120 sori-trassatus
1552 4039 1841 4129 dederit,
1886 4039 2103 4115 verba
2152 4037 2247 4112 ita
2288 4045 2636 4136 concepta
2687 4062 2851 4116 esse
2903 4041 3185 4130 debent,
3240 4045 3320 4114 ut
3371 4039 3672 4116 dubium
3723 4063 3886 4116 esse
3938 4062 4084 4117 non
4136 4041 4384 4140 possit,
4439 4066 4613 4118 eum

978 4221 1055 4272 re
1096 4217 1273 4272 vera
1311 4217 1483 4270 cum
1523 4213 1943 4293 possessore
1982 4189 2432 4278 convenisse,
2485 4197 2567 4266 ut
2615 4192 2689 4267 in
2721 4191 2844 4270 ilIo
2885 4192 3020 4270 alio
3059 4191 3220 4270 loco
3260 4193 3733 4291 praesentatio
3771 4193 3988 4268 fieret
4093 4194 4341 4291 Itaque
4380 4216 4622 4291 quum

978 4349 1051 4424 in
1103 4346 1615 4446 protestatione
1678 4345 1937 4445 legitur
1987 4350 2373 4421 trassatum
2424 4343 2595 4420 nihil
2661 4345 2960 4434 dixisse,
3028 4368 3250 4443 quam
3306 4344 3516 4435 haec,
3593 4369 3676 4421 se
3739 4344 4147 4423 soluturum
4220 4367 4362 4421 non
4431 4369 4616 4438 esse,

983 4501 1101 4577 vel
1182 4525 1263 4578 se
1331 4498 1617 4576 solvere
1683 4521 1829 4575 non
1900 4519 2154 4596 posse,
2233 4519 2413 4575 non.
2452 4497 2726 4588 elucet,
2795 4520 3036 4575 annon
3106 4497 3407 4575 fortasse
3473 4499 3544 4574 id
3601 4498 3876 4597 ipsum,
3959 4499 4157 4597 quod.
4227 4498 4420 4575 domi
4486 4500 4616 4577 sibi

978 4657 1515 4754 praesentatum
1584 4675 1729 4729 non
1796 4651 1917 4738 sit,
1994 4672 2167 4726 vera
2228 4650 2722 4750 denegationis
2789 4650 2998 4727 fuerit
3064 4673 3299 4728 causa.
3402 4649 3673 4742 Quodsi
3741 4651 3950 4728 aliam
4001 4650 4371 4750 protulerit
4441 4675 4618 4729 cau-

980 4829 1155 4896 sam,
1208 4830 1318 4883 ex.
1369 4829 1475 4905 gr.
1527 4805 1911 4904 pecuniam
1961 4801 2093 4882 sibi
2144 4802 2419 4893 deesse,
2470 4803 2591 4880 vel
2643 4827 2726 4880 se
2773 4803 3008 4880 literas
3045 4804 3436 4881 advisorias
3489 4827 3636 4882 non
3675 4805 4039 4904 accepisse
4055 4867 4074 4895 ,
4133 4806 4248 4881 vel
4299 4830 4380 4882 se
4409 4763 4619 4883 tras-

980 4959 1223 5046 santis,
1275 4958 1405 5060 qui
1454 4959 1545 5034 de
1585 4957 2022 5034 restituenda
2064 4957 2370 5056 pecunia
2426 4980 2572 5035 non
2610 4956 2895 5045 caverit,
2945 4955 3162 5034 fidem
3213 4957 3424 5056 sequi
3474 4957 3682 5048 n‘olle,
3735 4958 4167 5035 convenisse
4221 4981 4388 5034 cum
4437 4981 4616 5057 pos-

986 5133 1269 5190 sessore
1320 5109 1837 5187 existimandus
1887 5116 1998 5187 est
2014 5170 2032 5198 ,
2082 5114 2165 5185 ut
2214 5109 2686 5210 praesentatio
2739 5110 2813 5186 in
2863 5108 2984 5186 illo
3035 5108 3172 5186 alio
3224 5109 3386 5188 loco
3435 5111 3564 5186 rite
3615 5109 3706 5186 sit
3753 5109 4182 5210 interposita.

1288 5261 1757 5363 Quanquam,
1828 5267 1910 5339 ut
1960 5285 2179 5362 supra
2235 5263 2411 5354 dixi,
2482 5263 2630 5340 fieri
2698 5285 2846 5341 non
2895 5262 3114 5352 solet,
3186 5270 3266 5339 ut
3316 5268 3629 5340 trassans
3679 5270 3964 5361 praeter
4011 5263 4266 5340 urbem
4315 5265 4619 5342 domum
