5193 6433
922 2016 1267 2093 Mercator
1304 2013 1595 2113 quidam
1636 2013 1993 2091 cambium
2044 2036 2245 2089 more
2296 2010 2505 2090 solito
2554 2013 2649 2088 ita
2701 2008 3012 2111 scripsit,
3086 2020 3170 2088 ut
3221 2013 3490 2091 nomini
3537 2016 3813 2090 trassafi
3864 2013 4058 2091 urbis
4107 2034 4242 2091 no-

620 2190 789 2244 men
833 2174 1244 2266 apponeret
1349 2166 1729 2243 Trassatus
1777 2164 1893 2241 illa
1944 2166 2016 2241 in
2070 2165 2247 2243 urbe
2300 2188 2387 2243 eo
2441 2172 2764 2266 tempore
2780 2226 2798 2251 ‚
2869 2188 3018 2266 quo
3071 2166 3426 2242 cambium
3481 2167 3827 2266 scriptum
3878 2172 3950 2242 et
4003 2166 4242 2243 remit·

620 2314 794 2395 tenti
844 2320 1179 2395 traditum
1228 2325 1371 2407 est,
1424 2317 1857 2396 domicilium
1905 2316 2241 2408 habebat,
2310 2324 2559 2417 postea
2611 2340 2788 2396 vero
2838 2319 2910 2393 in
2964 2318 3170 2395 aliam
3223 2320 3475 2396 urbem
3527 2344 3609 2396 se
3659 2317 3958 2397 contulit
4005 2317 4245 2417 ibique

618 2495 750 2571 per
803 2471 1049 2571 plures
1098 2494 1387 2548 menses
1441 2477 1757 2548 moratus
1822 2479 1947 2546 est.
2052 2470 2203 2547 Hac
2264 2472 2335 2546 in
2404 2472 2580 2547 urbe
2633 2473 2991 2550 cambium
3055 2472 3116 2546 ei
3183 2470 3554 2549 solutionis
3619 2494 3838 2548 causa
3902 2492 4240 2571 praesen·-

620 2630 849 2700 tatum
900 2631 1025 2701 est.
1131 2622 1501 2702 Solutione
1552 2623 1903 2724 denegata
1936 2644 2317 2721 possessor
2368 2624 2620 2700 cambii
2669 2623 2972 2701 solemni
3022 2624 3240 2701 modo
3285 2594 3862 2723 protestationem
3915 2622 4061 2699 fieri
4111 2646 4242 2699 cu-

622 2778 839 2866 ravit,
892 2798 1080 2877 quae
1130 2776 1309 2853 haec
1362 2776 1582 2853 verba
1622 2776 1965 2865 continet,
2016 2781 2393 2852 trassatum
2450 2799 2532 2852 se
2571 2775 2856 2852 solvere
2906 2798 3052 2854 non
3109 2799 3327 2875 posse
3361 2775 3770 2876 professum
3819 2800 4000 2853 esse.
4090 2777 4247 2852 Jam

622 2936 937 3005 nassans
956 2990 973 3017 ,
1052 2930 1173 3028 qui
1242 2929 1599 3008 cambium
1663 2929 2007 3004 redimere
2074 2930 2462 3018 recusavit,
2539 2951 2579 3003 a
2649 2950 3067 3028 possessore
3135 2930 3412 3007 actione
3466 2927 3787 3006 cambiali
3837 2934 4280 3005 conventus=

623 3082 947 3159 omisisse
1014 3090 1321 3159 actorem
1376 3104 1791 3183 regressum
1842 3080 2240 3179 respondit,
2319 3082 2485 3179 quia
2554 3102 2686 3155 nec
2737 3080 3095 3158 cambium
3157 3084 3228 3156 in
3298 3081 3460 3158 loco
3511 3078 3882 3158 solutionis
3945 3088 4246 3159 trassato

620 3241 1155 3335 praesentatum
1210 3256 1343 3310 nec
1392 3235 1483 3313 ibi
1534 3234 1943 3338 protestatio
1996 3242 2187 3311 esset
2232 3236 2660 3334 interposita.
2765 3233 2985 3310 Actor
3037 3241 3282 3312 contra
3297 3296 3313 3324 ,
3369 3234 3880 3312 ordinationem
3933 3236 4244 3313 cambia-

623 3385 766 3464 lem
818 3387 1309 3464 Germanicam
1361 3386 1653 3464 articulo
1704 3387 2175 3486 nonagesimo
2239 3387 2467 3485 primo
2518 3385 2956 3484 permittere,
3029 3393 3112 3462 ut
3161 3389 3648 3465 consentiente
3699 3393 3998 3464 trassato
4047 3411 4246 3465 cam-

625 3541 823 3618 bium
874 3541 1085 3616 etiam
1137 3541 1273 3618 alio
1323 3541 1394 3616 in
1448 3540 1607 3616 loco
1660 3563 1881 3638 quam
1931 3540 2003 3614 in
2055 3539 2213 3616 loco
2250 3538 2624 3615 solutionis
2657 3546 3229 3636 praesentaretur
3274 3541 3532 3641 ibique
3565 3542 3976 3639 protestatio
4025 3542 4246 3617 inter-

624 3701 1028 3793 poneretur.
1133 3693 1365 3785 Quam
1429 3692 1611 3792 legis
1662 3691 2307 3790 interpretationem
2373 3713 2543 3766 reus
2592 3690 3022 3791 improbavit
3071 3693 3513 3794 negavitque
3563 3694 4084 3792 protestationis
4134 3695 4246 3770 in-.

625 3851 1023 3924 strumento
1076 3844 1357 3944 probari
1410 3845 1863 3922 consensisse
1912 3851 2327 3933 trassatum,
2383 3851 2463 3919 ut
2514 3843 2648 3920 alio
2701 3845 2770 3919 in
2824 3844 2982 3922 loco
3037 3846 3390 3922 cambium
3440 3853 4027 3944 praesentaretur.

934 3997 1358 4087 Videamus,
1412 4022 1589 4074 num
1640 4020 2017 4098 regressus
2068 3996 2311 4074 locum
2362 3997 2618 4074 habeat
2669 4020 2915 4073 necne.

928 4148 1274 4226 Manifaefi
1331 4153 1513 4250 juris
1584 4159 1693 4227 est
1762 4149 2001 4228 locum
2070 4149 2441 4227 solutionis
2514 4151 2986 4228 necessariam
3057 4173 3220 4226 esse
3289 4151 3536 4229 cambii
3604 4157 3919 4250 partem,
3997 4153 4089 4228 ita
4171 4158 4254 4228 ut

627 4302 891 4380 omissa
960 4291 1117 4400 ejus
1169 4304 1529 4382 mentione
1589 4304 1944 4381 cambium
2010 4303 2253 4401 ipsum
2320 4303 2620 4377 vitietur.
2726 4301 2854 4393 Qui
2925 4301 3284 4378 cambium
3349 4303 3584 4380 scribit
3650 4310 3840 4382 certo
3906 4304 4026 4382 illo
4092 4304 4252 4382 1030

628 4478 997 4532 31111111111111
1050 4455 1465 4532 cambialem
1519 4457 1870 4533 numerari
1925 4456 2165 4555 jubet,
2244 4478 2477 4556 eaque
2548 4477 2692 4532 non
2746 4461 3116 4531 numerata
3180 4456 3337 4555 ipse
3403 4479 3492 4531 ex
3555 4457 3830 4535 cambio
3899 4457 4252 4558 obligatus

631 4614 757 4686 est.
860 4606 1113 4708 Neque
1168 4629 1375 4696 ver0,
1444 4611 1575 4685 nisi
1625 4610 1739 4685 lex
1759 4637 1799 4700 ,⁸
1849 4631 2071 4707 quam
2124 4608 2399 4686 cambio
2452 4607 2656 4696 dixit,
2727 4607 3100 4707 diligenter
3148 4609 3238 4685 sit
3287 4613 3601 4697 servata,
3671 4611 3848 4688 actio
3904 4612 4254 4689 adversus

634 4783 805 4838 eum
856 4760 1080 4837 datur.
1185 4759 1291 4851 Qu
1301 4784 1425 4836 um
1478 4769 1717 4837 autem
1768 4761 1963 4838 aliter
2016 4762 2369 4837 numerari
2422 4783 2567 4839 non
2621 4760 2878 4851 soleat,
2945 4784 3164 4862 quam
3217 4761 3527 4841 exhibito
3577 4764 3883 4854 cambio,
3955 4787 4256 4840 necesse

633 4922 777 5004 est,
848 4920 931 4988 ut
980 4913 1107 5013 qui
1150 4913 1504 4991 cambium
1554 4922 1823 5003 teneat,
1888 4917 2047 5014 ipso
2102 4915 2217 4990 die
2267 4913 2638 4992 solutionis
2689 4915 2758 4990 in
2811 4915 2968 5012 ipso
3021 4913 3181 4992 loco
3235 4913 3606 4994 solutionis
3657 4918 3932 4996 cambio
3980 4941 4252 5018 propo—

633 5069 767 5144 sito
806 5065 1371 5142 numerationem
1410 5067 1665 5167 exigat,
1716 5067 1891 5157 sive,
1922 5075 2027 5144 ·ut
2077 5067 2309 5145 fontes
2352 5068 2535 5167 juris
2569 5065 2928 5145 cambialis
2979 5067 3244 5175 dicunt,
3285 5071 3641 5149 cambium
3695 5070 3785 5146 ad
3826 5071 4256 5149 solutionem

636 5223 1061 5319 praesentet.
1164 5216 1373 5309 Quod
1426 5219 1558 5296 nisi
1610 5218 1849 5295 fecerit
1898 5243 2138 5320 neque
2189 5245 2270 5298 se
2320 5221 2573 5298 fecisse
2626 5219 2930 5298 solemni
2977 5221 3482 5313 instrumento,
3554 5225 3756 5324 quod
3804 5225 4252 5323 protestatio·

639 5395 807 5448 nem
860 5378 1159 5460 vocant,
1214 5372 1833 5463 demonstraverit,
1884 5397 2296 5474 regressum
2344 5374 2698 5451 adversus
2737 5380 3160 5451 trassantem
3212 5382 3285 5451 et
3324 5375 3774 5453 indossantes
3827 5397 3970 5452 non
4023 5375 4254 5455 habet
