5193 6433
2324 544 2330 553 ·
2364 528 2403 597 7

552 728 861 842 q'uoque
910 743 1193 831 indicet,
1244 743 1367 820 ubi
1410 743 1805 821 numeratio
1842 740 2162 819 facienda
2214 742 2335 832 sit,
2385 749 2626 819 tamen
2683 766 2829 820 non
2865 742 3207 845 intelligo,
3259 768 3388 823 cur
3422 747 3773 835 trassanti,
3824 746 3952 848 qui
4001 770 4200 829 cam-

553 894 679 973 bio
732 894 975 997 legem
1027 896 1259 974 dicere
1306 900 1575 995 potest,
1644 893 1945 971 facultas
1998 917 2146 972 non
2196 896 2287 973 sit
2335 895 2802 973 concedenda
2852 894 3096 973 locum
3145 896 3519 976 solutionis
3571 899 3970 978 accuratius
4021 902 4198 979 defi-

560 1048 807 1125 niendi
823 1110 841 1139 ‚
904 1049 997 1125 ita
1052 1054 1131 1124 ut
1179 1071 1287 1124 ex.
1338 1070 1446 1147 gr.
1498 1046 2066 1125 numerationem
2113 1048 2187 1125 in
2240 1054 2429 1127 certa
2480 1050 2698 1127 domo
2749 1048 2898 1125 fieri
2937 1048 3208 1148 jubeat
3311 1048 3522 1142 Quod
3571 1050 3634 1127 si
3682 1050 3955 1143 fecerit,
4021 1078 4198 1155 pos-

559 1200 825 1278 sessori
882 1200 1089 1277 etiam
1140 1201 1635 1277 consentiente
1686 1222 1831 1278 non
1878 1198 2045 1278 licet
2093 1206 2399 1278 trassato
2448 1200 2585 1278 alio
2651 1202 2724 1278 in
2773 1202 2936 1279 loco
2988 1200 3346 1279 cambium
3393 1212 3852 1301 praesentare
3869 1267 3886 1296 ,
3939 1230 4200 1311 neque,

549 1353 625 1431 si
686 1351 805 1431 illa
868 1353 939 1429 in
1007 1353 1223 1429 domo
1274 1360 1623 1431 trassatus
1668 1353 1783 1429 die
1832 1352 2205 1432 solutionis
2258 1375 2405 1429 non
2456 1354 2851 1443 invenitur,
2917 1352 3186 1432 notario
3235 1358 3816 1453 protestationem
3870 1360 4204 1441 scribenti

552 1504 903 1581 incumbit
966 1504 1360 1607 inquisitio,
1432 1529 1523 1582 an
1592 1505 1725 1582 alia
1794 1505 1867 1580 in
1933 1506 2149 1583 domo
2201 1506 2467 1584 habitet
2514 1514 2863 1585 trassatus
2881 1568 2898 1597 ,
2970 1529 3285 1607 namque
3350 1507 3556 1586 locus
3622 1509 3994 1591 solutionis
4060 1514 4201 1593 hoc

563 1680 736 1735 casu
814 1658 1076 1735 domus
1158 1656 1277 1735 illa
1360 1667 1500 1748 est,
1584 1680 1730 1735 non
1798 1658 2137 1735 universa
2205 1660 2397 1737 urbs.
2520 1658 2936 1749 Summum,
3018 1660 3219 1761 quod
3297 1667 3408 1737 oet
3471 1660 3779 1740 Berolini
3795 1724 3812 1753 ‚
3887 1666 4196 1745 tribunal

561 1810 890 1887 diversae
957 1812 1351 1888 sententiae
1416 1818 1925 1909 argumentum
1988 1810 2061 1887 id
2127 1811 2451 1910 protulit,
2524 1812 3094 1913 designationem
3146 1814 3408 1891 domus
3428 1874 3445 1904 ,
3511 1814 3582 1891 in
3653 1840 3802 1918 qua
3853 1818 4194 1912 solvatur,

562 1987 709 2042 non
761 1963 1113 2062 pertinere
1164 1965 1259 2041 ad
1310 1962 1707 2041 essentialia
1758 1964 2011 2041 cambii
2027 1964 2111 2059 *).
2212 1964 2372 2042 Hoc
2420 1972 2928 2065 argumentum
2980 1966 3318 2065 quamvis
3370 1968 3767 2067 approbare
3818 1993 3964 2049 non
4015 1996 4193 2073 pos—

560 2118 715 2207 sim,
766 2118 839 2194 id
887 2123 1129 2193 tamen
1182 2116 1385 2193 facile
1427 2118 1840 2206 concedam,
1892 2139 2135 2215 neque
2184 2124 2631 2207 trassantem‚
2684 2141 2916 2217 quum
2969 2118 3238 2197 nomini
3283 2122 3560 2198 trassati
3610 2130 3892 2221 praeter
3943 2126 4196 2205 urbem

560 2246 860 2349 domum
910 2293 1211 2370 quoque
1260 2268 1665 2367 simpliciter
1714 2268 2101 2358 adscribat,
2169 2269 2311 2348 hoc
2361 2270 2494 2347 alia
2558 2296 2654 2347 ex
2701 2294 2922 2349 causa
2970 2270 3204 2349 facere
3221 2334 3238 2363 ‚
3310 2297 3533 2375 quam
3584 2281 3667 2351 ut
3713 2275 3974 2353 indicet
3989 2339 4006 2368 ,
4074 2280 4198 2357 ubi

557 2432 905 2501 trassatus
956 2423 1323 2501 tabernam
1371 2427 1613 2498 teneat
1663 2420 1785 2497 vel
1833 2420 2131 2513 habitet,
2186 2446 2430 2525 neque
2471 2423 2972 2525 legislatorem,
3020 2449 3253 2526 quum
3305 2425 3548 2505 locum
3601 2427 3869 2506 nomini
3917 2432 4194 2509 trassati

560 2576 973 2677 appositum
1011 2573 1381 2652 solutionis
1419 2597 1583 2651 esse
1617 2564 1861 2650 locum
1902 2576 2403 2665 constituisset,
2457 2577 2549 2653 de
2599 2576 2736 2655 alio
2771 2601 2948 2654 casu
2987 2578 3361 2679 cogitasse,
3413 2603 3638 2682 quam
3687 2582 3780 2657 de
3833 2604 3940 2671 eo,
3992 2585 4194 2684 quod
4301 2613 4308 2619 ·

560 2729 755 2808 urbis
804 2736 1083 2805 tantum
1134 2749 1401 2805 nomen
1440 2734 1938 2828 apponeretur.
2042 2716 2429 2825 Pronterea
2478 2731 2778 2807 domum
2830 2736 3096 2807 certam
3146 2754 3293 2809 non
3346 2731 3544 2811 aliter
3594 2732 3838 2813 locum
3889 2732 4188 2813 solutio-

560 2882 669 2957 nis
710 2881 1113 2958 habendam
1164 2901 1329 2956 esse
1378 2879 1736 2968 existimo,
1790 2900 2008 2978 quam
2062 2880 2123 2957 si
2175 2881 2536 2980 expressis
2586 2884 2828 2960 verbis
2878 2884 2951 2959 in
3001 2884 3162 2984 ipso
3215 2885 3492 2963 cambio
3541 2887 3636 2965 ita
3688 2886 4036 2987 scriptum
4087 2888 4194 2965 sit.

859 3148 927 3230 ⁴¹²)
970 3152 1453 3226 Siebenhaar‚
1498 3152 1722 3213 Archiv
1762 3150 1862 3210 fiir
1902 3151 2345 3212 Wechselrecht
2384 3151 2489 3211 Bd.
2518 3152 2679 3228 XII,
2725 3152 2780 3213 8.
2813 3157 2948 3214 192.
