5193 6433
2775 455 2788 467 ’
2855 470 2904 540 4

1368 686 1601 779 Quare
1616 748 1633 777 ,
1684 688 1745 764 si
1796 686 2175 763 cambium·
2201 686 2274 763 in
2318 686 2454 765 alio
2504 686 2664 766 loco
2718 691 3210 786 praesentatur
3257 684 3500 785 ibique
3549 683 3903 762 solutione
3953 708 4102 764 non
4154 688 4487 786 praestita
4524 712 4696 789 pro-

1062 842 1344 919 testatio
1394 839 1893 940 interponitur,
1962 839 2260 937 perinde
2324 847 2469 929 est,
2540 862 2626 915 ac
2687 840 2746 916 si
2797 837 3270 938 praesentatio
3335 836 3624 923 omnino
3691 836 3876 937 facta
3941 861 4088 916 non
4156 838 4382 915 fuerit
4485 839 4702 932 Quod

1068 1016 1215 1074 non
1282 1002 1393 1070 est
1454 1000 1699 1071 contra
1766 991 2128 1069 rationem.
2228 992 2481 1092 Neque
2546 992 2735 1067 enim
2801 991 2980 1067 actio
3044 988 3184 1067 hoc
3251 1012 3423 1065 casu
3492 996 3869 1089 propterea
3931 997 4212 1069 tantum
4279 994 4702 1093 denegatur,

1068 1147 1271 1248 quod
1317 1145 1614 1248 regulae
1666 1145 1850 1245 juris
1900 1144 2261 1223 cambialis
2310 1144 2788 1221 strictissimae
2853 1143 2994 1219 31111
3042 1142 3630 1245 interpretationis
3647 1204 3664 1233 ,
3741 1144 3872 1220 sed
3921 1143 4138 1245 hujus
4203 1147 4303 1222 rei
4367 1169 4450 1223 ea
4503 1172 4698 1249 quo-

1066 1322 1216 1401 que
1267 1322 1484 1376 causa
1535 1297 1763 1374 afferri
1822 1302 2061 1398 potest
2076 1358 2093 1386 ,
2166 1297 2366 1395 quod
2418 1296 2786 1373 trassantis
2835 1264 3508 1393 indossantiumque
3557 1295 3866 1372 maxime
3915 1297 4208 1376 interest
4257 1302 4695 1379 numeratio-

1068 1473 1235 1527 nem
1286 1452 1536 1529 cambii
1584 1452 1658 1527 in
1709 1450 1870 1552 ipso
1920 1448 2080 1528 loco
2132 1448 2503 1527 solutionis
2554 1448 2762 1549 exigi.
3630 1429 3641 1438 ⁸

1366 1606 1708 1681 Mercator
1758 1605 1948 1680 enim
1998 1624 2144 1678 non
2196 1601 2530 1677 omnibus
2582 1601 2777 1689 locis,
2828 1600 2898 1676 in
2952 1600 3218 1701 quibus
3277 1607 3629 1689 versatur,
3681 1608 3996 1699 paratam
4036 1601 4250 1679 habet
4289 1606 4697 1703 pecuniam,

1066 1758 1199 1833 sed
1248 1756 1339 1834 ibi
1390 1761 1666 1833 tantum
1684 1817 1700 1845 ,
1753 1756 1875 1833 ubi
1922 1778 2155 1851 rerum
2200 1752 2800 1853 negotiorumque
2851 1776 3152 1830 suorum
3185 1775 3542 1829 summam
3583 1754 3976 1844 constituit,
4029 1761 4154 1831 aut
4205 1755 4328 1832 ubi
4378 1755 4692 1858 aliquam

1067 1908 1631 1985 numerationem
1693 1932 1735 1985 a
1784 1933 1866 1985 se
1916 1912 2249 1991 exactum
2298 1906 2377 1981 iri
2428 1913 2814 2005 exspectat.
2917 1904 3152 1981 Facile
3199 1906 3414 2006 igitur
3463 1906 3611 1983 fieri
3659 1914 3929 2005 potest,
3998 1915 4078 1983 ut
4127 1908 4381 1985 cambii
4431 1907 4566 1987 alio
4618 1910 4694 1985 in

1064 2060 1224 2139 1030
1277 2062 1707 2161 praesentati
1754 2059 2185 2140 solutionem
2234 2081 2320 2135 ea
2370 2065 2651 2135 tantum
2700 2082 2792 2133 ex
2843 2081 3096 2147 causa,
3168 2059 3369 2157 quod
3421 2060 3802 2157 pecuniam
3857 2067 4306 2159 praesentem
4358 2084 4502 2139 non
4555 2060 4692 2138 ha-

1065 2214 1245 2303 beat,
1296 2214 1608 2314 deneget
1639 2220 2002 2291 trassatus.
2106 2211 2614 2311 Denegationis
2665 2234 2750 2287 ea
2801 2234 3099 2312 quoque
3151 2234 3370 2288 causa
3421 2234 3583 2289 esse
3632 2218 3890 2311 potest,
3943 2214 4175 2314 quod,
4229 2214 4406 2289 dum
4455 2214 4528 2290 111
4575 2216 4690 2291 111-

1070 2390 1240 2443 11313
1289 2373 1430 2456 331,
1482 2366 1765 2445 codices
1815 2388 1991 2443 suos
2044 2374 2118 2442 et
2164 2362 2503 2463 epistolas
2554 2363 2684 2441 sibi
2737 2363 2992 2440 missas
3045 2364 3358 2439 adeundi
3408 2364 3688 2463 copiam
3739 2388 3883 2442 non
3935 2365 4148 2443 habet
4197 2328 4458 2468 neque,
4511 2391 4692 2444 num

1063 2526 1377 2597 trassans
1440 2518 1702 2597 litteras
1720 2580 1737 2609 ‚
1815 2542 2006 2619 quae
2068 2518 2435 2605 dicuntur,
2514 2516 2906 2595 advisorias
2973 2516 3236 2591 miserit
3301 2522 3372 2591 et
3437 2517 3530 2593 de
3579 2518 4014 2595 restituenda
4061 2521 4373 2618 pecunia
4423 2522 4692 2619 caverit

1062 2670 1342 2771 aliaque
1390 2672 1614 2748 multa
1665 2672 2039 2774 exquirere
2087 2675 2359 2771 potest,
2411 2692 2631 2767 quae,
2686 2677 2767 2744 ut
2815 2667 3054 2745 solvat
3103 2669 3461 2747 cambium
3513 2691 3648 2745 nec
3699 2694 3826 2760 ne,
3879 2695 4050 2747 eum
4099 2673 4460 2749 adducere
4511 2696 4688 2774 pos-

1060 2832 1251 2901 sunt.
1352 2823 1585 2916 Quare
1636 2824 1904 2913 etiamsi
1953 2829 2298 2901 trassatus
2352 2844 2497 2899 non
2552 2821 2802 2897 dixerit
2851 2843 3162 2909 causam,
3215 2842 3344 2896 cur
3393 2820 3825 2900 solutionem
3875 2825 4125 2902 cambii
4173 2832 4490 2916 recuset,
4538 2849 4687 2903 non

1057 2977 1131 3053 in
1182 3000 1271 3055 30
1326 2978 1627 3077 positam
1676 3000 1859 3069 esse,
1907 2978 2114 3078 quod
2163 2978 2381 3053 domo
2432 2975 2694 3052 absens
2745 2975 2854 3063 sit,
2877 2991 2882 2996 ’
2907 2974 3039 3049 sed
3091 2972 3522 3051 solutionem
3571 2998 3755 3074 pure
3806 2979 4208 3077 negaverit,
4260 2985 4501 3055 tamen
4551 3001 4688 3078 pro

1058 3136 1249 3207 certo
1300 3129 1543 3208 haberi
1590 3152 1736 3208 non
1795 3135 2065 3231 potest,
2135 3128 2511 3215 cambium,-
2576 3127 2636 3203 si
2700 3126 2774 3201 111
2824 3127 2983 3226 ipso
3035 3124 3194 3202 1030
3247 3124 3618 3204 solutionis
3662 3137 4194 3227 praesentatum
4243 3129 4452 3208 fuerit
4467 3192 4485 3222 ,
4558 3154 4684 3208 so-

1058 3284 1293 3360 lutum
1346 3307 1490 3362 non
1543 3284 1781 3362 fuisse.
1886 3285 2051 3383 Ipso
2102 3282 2295 3359 enim
2360 3281 2473 3357 die
2542 3278 2914 3357 solutionis
2969 3281 3262 3358 nuntius
3315 3281 3542 3358 afferri
3591 3289 3828 3380 potest
3877 3307 4096 3384 quem
4164 3285 4226 3360 si
4289 3284 4684 3383 comperis-

1055 3442 1165 3513 set
1213 3443 1557 3515 1133331113
1610 3437 1804 3514 aliter
1854 3433 2215 3524 sensisset,
2266 3441 2338 3510 31
2386 3456 2534 3534 (1110
2588 3439 2884 3531 accepto
2935 3433 3209 3510 institor
3257 3435 3320 3532 ej
3329 3458 3436 3523 113,
3488 3436 3613 3536 (1111
3665 3437 3856 3513 (101111
3908 3437 4199 3527 111311311,
4251 3435 4686 3515 solutionem

1054 3592 1325 3688 petenti
1375 3613 1519 3668 non
1571 3591 2021 3691 denegasset.
2125 3586 2458 3677 Accedit,
2512 3585 2712 3685 quod
2763 3607 2908 3662 non
2960 3607 3118 3663 raro
3171 3586 3281 3674 fit,
3335 3595 3417 3664 ut
3459 3593 3774 3664 trassans
3827 3591 4097 3667 etiamsi
4149 3589 4425 3666 cambio
4477 3611 4679 3666 com-

1054 3741 1411 3820 mendatio
1464 3742 1999 3838 (Nothadresse)
2052 3757 2195 3819 n'on
2248 3740 2336 3818 sit
2386 3739 2654 3825 addita,
2719 3741 2956 3814 tamen
3013 3736 3217 3814 alicui
3275 3740 3751 3830 mandaverit,
3804 3749 3886 3818 ut
3938 3749 4288 3819 trassante
4338 3764 4486 3820 non
4538 3763 4680 3818 nu-

1052 3899 1371 3969 merante
1420 3895 1577 3994 ipse
1614 3896 1991 3994 pecuniam
2047 3900 2389 3970 numeret.
2496 3888 2732 3989 Saepe
2783 3913 2958 3967 vero
3011 3891 3222 3968 etiam
3274 3898 3589 3972 trassans
3641 3896 3996 3992 ejusmodi
4039 3896 4458 3972 mandatum
4510 3895 4679 3970 dare

1050 4067 1212 4122 eam
1256 4048 1353 4124 ob
1392 4069 1685 4124 causam
1720 4048 1987 4137 omittit,
2040 4048 2209 4146 (11113
2260 4051 2499 4122 certus
2550 4065 2718 4120 esse
2753 4049 2994 4141 potest
3031 4043 3296 4121 amicos
3347 4044 3420 4120 in
3463 4044 3808 4124 honorem
3846 4045 4228 4137 literarum,
4285 4053 4368 4123 ut
4415 4047 4678 4136 dicunt,

1050 4198 1603 4278 intervenientes
1652 4201 2008 4278 cambium
2059 4200 2557 4297 redempturos
2611 4218 2792 4272 esse.

1348 4314 1624 4444 Quibus
1694 4378 1787 4429 ex
1860 4353 2093 4430 causis
2161 4375 2393 4454 quum
2457 4349 2823 4426 trassantis
2893 4355 2966 4425 et
3033 4349 3586 4440 indossantium,
3672 4374 3985 4449 quorum
4052 4375 4186 4451 par
4253 4375 4471 4430 causa
4543 4359 4674 4444 est,

1046 4505 1353 4582 maxime
1418 4506 1719 4596 intersit,
1798 4527 2292 4605 possessorem
2360 4505 2432 4581 in
2505 4502 2666 4581 loco
2735 4500 3106 4580 solutionis
3181 4502 3540 4580 cambium
3609 4510 4094 4601 praesentare,
4187 4511 4530 4584 trassatus
4597 4506 4674 4582 id

1045 4676 1192 4732 non
1242 4657 1523 4735 efficere
1571 4665 1840 4759 potest,
1904 4663 1983 4734 ut
2032 4657 2504 4757 praesentatio
2560 4655 2722 4733 alibi
2773 4652 2956 4731 facta
3007 4655 3136 4731 rite
3185 4654 3364 4732 facta
3417 4679 3580 4733 esse
3629 4657 4084 4734 existimetur.
4188 4657 4442 4758 Neque
4491 4682 4668 4736 vero

1041 4812 1273 4900 etiam,
1322 4811 1382 4890 si
1432 4819 1775 4890 trassatus
1826 4811 1963 4889 alio
2011 4812 2084 4888 in
2135 4809 2295 4888 loco
2347 4808 2785 4888 domicilium
2835 4806 3154 4898 collocat,
3214 4831 3436 4907 quam
3487 4832 3634 4911 quo
3689 4816 3898 4887 antea
3948 4808 4336 4902 habitabat,
4387 4811 4665 4891 cambio

1038 4965 1111 5042 in
1166 4987 1363 5043 novo
1418 4963 1766 5042 domicilio
1819 4969 2268 5062 praesentato
2316 4962 2975 5063 protestationeque
3038 4960 3130 5037 ibi
3183 4961 3593 5061 interposita
3644 4985 4024 5064 possessor
4075 4987 4490 5065 regressum
4541 4987 4661 5041 ac-

1044 5118 1271 5217 quirit.
1374 5116 1614 5195 Namsi
1664 5123 1979 5194 trassans
2044 5116 2328 5217 inipso
2378 5113 2654 5193 cambio
2705 5114 3136 5192 solutionem
3187 5113 3322 5192 alio
3386 5116 3459 5193 in
3510 5116 3669 5194 loeo
3721 5139 3808 5192 ac
3857 5117 3929 5192 in
3981 5115 4332 5194 domicilio
4381 5118 4659 5194 trassati

1042 5269 1193 5346 fieri
1232 5269 1482 5371 Jussit,
1532 5268 1594 5346 si
1630 5267 2004 5358 cambium,
2058 5274 2139 5344 ut
2186 5269 2451 5358 dicunt,
2503 5267 3006 5346 domiciliatum
3057 5274 3202 5358 331,
3255 5267 3454 5346 1111113
3503 5270 3592 5347 ab
3643 5269 3836 5350 initio
3887 5270 4068 5347 inter
4117 5267 4492 5348 solutionis
4543 5269 4662 5346 lo·-
